<?xml version="1.0" encoding="UTF-8"?><marc:record xmlns:marc="http://www.loc.gov/MARC21/slim" xmlns:xsi="http://www.w3.org/2001/XMLSchema-instance" xsi:schemaLocation="http://www.loc.gov/MARC21/slim http://www.loc.gov/standards/marcxml/schema/MARC21slim.xsd"><marc:leader>00620nam a22     7a 4500</marc:leader><marc:controlfield tag="001">1468717</marc:controlfield><marc:controlfield tag="003">NL-AMISG</marc:controlfield><marc:controlfield tag="005">20150312101834.0</marc:controlfield><marc:controlfield tag="008">110701s        xx                  und d</marc:controlfield><marc:datafield ind1="1" ind2=" " tag="100"><marc:subfield code="a">Agnel, E.</marc:subfield><marc:subfield code="0">(NL-AMISG)2015866</marc:subfield></marc:datafield><marc:datafield ind1="1" ind2="0" tag="245"><marc:subfield code="a">Manuel général des assurance ou guide pratique des assurance et des assurés /</marc:subfield><marc:subfield code="c">E. Agnel.</marc:subfield></marc:datafield><marc:datafield ind1=" " ind2=" " tag="250"><marc:subfield code="a">3me ed.</marc:subfield></marc:datafield><marc:datafield ind1=" " ind2=" " tag="260"><marc:subfield code="a">Paris,</marc:subfield><marc:subfield code="c">1889</marc:subfield></marc:datafield><marc:datafield ind1=" " ind2=" " tag="902"><marc:subfield code="a">10622/627DAB10-740B-433A-B5EE-3705D1A1ADA8</marc:subfield></marc:datafield><marc:datafield ind1="4" ind2=" " tag="852"><marc:subfield code="a">IISG</marc:subfield><marc:subfield code="b">IISG</marc:subfield><marc:subfield code="c">NEHA</marc:subfield><marc:subfield code="j">UB N 432</marc:subfield><marc:subfield code="n">Available</marc:subfield><marc:subfield code="p">1333366</marc:subfield></marc:datafield><marc:datafield ind1=" " ind2=" " tag="901"><marc:subfield code="a">1468717</marc:subfield><marc:subfield code="b"/><marc:subfield code="c">1468717</marc:subfield><marc:subfield code="t">biblio</marc:subfield></marc:datafield></marc:record>